@INPROCEEDINGS{1389777,
  author={Quigley, M. and Goodrich, M.A. and Beard, R.W.},
  booktitle={2004 IEEE/RSJ International Conference on Intelligent Robots and Systems (IROS) (IEEE Cat. No.04CH37566)}, 
  title={Semi-autonomous human-UAV interfaces for fixed-wing mini-UAVs}, 
  year={2004},
  volume={3},
  number={},
  pages={2457-2462 vol.3},
  keywords={Unmanned aerial vehicles;Modems;Airplanes;Delay;Personal digital assistants;Global Positioning System;Computer science;Reconnaissance;Law enforcement;Human factors},
  doi={10.1109/IROS.2004.1389777}}
@ARTICLE{7006351,
  author={Dünser, Andreas and Lochner, Martin and Engelke, Ulrich and Fernández, David Rozado},
  journal={IEEE Computer Graphics and Applications}, 
  title={Visual and Manual Control for Human-Robot Teleoperation}, 
  year={2015},
  volume={35},
  number={3},
  pages={22-32},
  keywords={Robots;Human-robot interaction;Visualization;Service robots;Human computer interaction;Remote sensing;computer graphics;human factors;input devices;human-robot interaction;user interfaces},
  doi={10.1109/MCG.2015.4}}

@INPROCEEDINGS{7139460,
  author={Bremner, Paul and Leonards, Ute},
  booktitle={2015 IEEE International Conference on Robotics and Automation (ICRA)}, 
  title={Efficiency of speech and iconic gesture integration for robotic and human communicators - a direct comparison}, 
  year={2015},
  volume={},
  number={},
  pages={1999-2006},
  keywords={Speech;Robot kinematics;Robot sensing systems;Humanoid robots;Joints;Timing},
  doi={10.1109/ICRA.2015.7139460}}

@INPROCEEDINGS{8461212,
  author={Vatsal, Vighnesh and Hoffman, Guy},
  booktitle={2018 IEEE International Conference on Robotics and Automation (ICRA)}, 
  title={Design and Analysis of a Wearable Robotic Forearm}, 
  year={2018},
  volume={},
  number={},
  pages={5489-5496},
  keywords={Solid modeling;Collaboration;Manipulators;Elbow;Load modeling;Prototypes},
  doi={10.1109/ICRA.2018.8461212}}

@INPROCEEDINGS{9889423,
  author={Berzuk, James M. and Young, James E.},
  booktitle={2022 17th ACM/IEEE International Conference on Human-Robot Interaction (HRI)}, 
  title={More than words: A Framework for Describing Human-Robot Dialog Designs}, 
  year={2022},
  volume={},
  number={},
  pages={393-401},
  keywords={Vocabulary;Market research;Iterative methods;Robots;social robotics;dialog;human-robot interaction;frame-work;survey},
  doi={10.1109/HRI53351.2022.9889423}}

@inproceedings{evangelista2017grounding,
  title={Grounding natural language instructions in industrial robotics},
  author={Evangelista, Daniele and Villa, W and Imperoli, Marco and Vanzo, Andrea and Iocchi, Luca and Nardi, Daniele and Pretto, Alberto and others},
  booktitle={Proc. IEEE/RSJ IROS Workshop, Hum.-Robot Interact. Collaborative Manuf. Environ.},
  pages={1--6},
  year={2017}
}
